<record xmlns='http://www.loc.gov/MARC21/slim'><leader>01275cim a22003132u 4500</leader><controlfield tag='001'>3601076</controlfield><controlfield tag='005'>20151214182758.0</controlfield><controlfield tag='007'>ss|lmnjluz|nuu</controlfield><controlfield tag='008'>991101s1984    nyunnn         l    eng d</controlfield><datafield ind1=' ' ind2=' ' tag='035'><subfield code='a'>(NIC)notisASF8141</subfield></datafield><datafield ind1=' ' ind2=' ' tag='035'><subfield code='a'>3601076</subfield></datafield><datafield ind1=' ' ind2=' ' tag='035'><subfield code='a'>(OCoLC)63897019</subfield></datafield><datafield ind1=' ' ind2=' ' tag='040'><subfield code='a'>NIC</subfield><subfield code='c'>NIC</subfield><subfield code='d'>NIC</subfield><subfield code='d'>NIC</subfield></datafield><datafield ind1='1' ind2=' ' tag='100'><subfield code='a'>Weisskopf, Victor Frederick,</subfield><subfield code='d'>1908-2002.</subfield></datafield><datafield ind1='1' ind2='0' tag='245'><subfield code='a'>How to avoid nuclear war</subfield><subfield code='h'>[sound recording]</subfield></datafield><datafield ind1=' ' ind2=' ' tag='260'><subfield code='c'>1984.</subfield></datafield><datafield ind1=' ' ind2=' ' tag='300'><subfield code='a'>1 sound cassette (70 min.) :</subfield><subfield code='b'>analog, mono.</subfield></datafield><datafield ind1=' ' ind2=' ' tag='500'><subfield code='a'>Recorded in Ithaca, NY by Cornell University.</subfield></datafield><datafield ind1=' ' ind2=' ' tag='500'><subfield code='a'>Sponsored by: Center for World Community,Interreligious International Ministries Committee (IRIM).</subfield></datafield><datafield ind1=' ' ind2=' ' tag='518'><subfield code='a'>Lecture, October 31, 1984.</subfield></datafield><datafield ind1=' ' ind2=' ' tag='520'><subfield code='a'>Weisskopf discusses nuclear war, the cold war, and the present realities of the Strategic Defense Initiative (SDI).  He describes the work of antinuclear activists and their influence on public policy.</subfield></datafield><datafield ind1=' ' ind2='0' tag='650'><subfield code='a'>Antinuclear movement.</subfield></datafield><datafield ind1=' ' ind2='0' tag='650'><subfield code='a'>Nuclear disarmament.</subfield></datafield><datafield ind1=' ' ind2='7' tag='650'><subfield code='a'>Antinuclear movement</subfield><subfield code='2'>fast</subfield><subfield code='0'>(OCoLC)fst00810626</subfield></datafield><datafield ind1=' ' ind2='7' tag='650'><subfield code='a'>Nuclear disarmament</subfield><subfield code='2'>fast</subfield><subfield code='0'>(OCoLC)fst01039933</subfield></datafield><datafield ind1=' ' ind2='0' tag='830'><subfield code='a'>America and the world community.</subfield></datafield><datafield ind1='1' ind2=' ' tag='899'><subfield code='a'>CULectures</subfield></datafield><datafield ind1=' ' ind2=' ' tag='905'><subfield code='a'>20000406120000.0</subfield></datafield><datafield ind1='2' ind2=' ' tag='948'><subfield code='a'>20141221</subfield><subfield code='b'>m</subfield><subfield code='d'>batch</subfield><subfield code='e'>lts</subfield><subfield code='x'>addfast</subfield></datafield></record>